% Introduction of GMSH
@article{geuzaine_remacle_2009,
    title={Gmsh: A three-dimensional finite element mesh generator with built-in pre- and post-processing facilities},
    volume={79},
    DOI={10.1002/nme.2579},
    number={11},
    journal={International Journal for Numerical Methods in Engineering},
    author={Geuzaine, Christophe and Remacle, Jean-François},
    year={2009},
    pages={1309–1331}
} 

% UPR chapter
@inbook{UPR_chapter,
    place={Cambridge},
    title={Unstructured PEBI Grids Conforming to Lower-Dimensional Objects},
    DOI={10.1017/9781009019781.005},
    booktitle={Advanced Modeling with the MATLAB Reservoir Simulation Toolbox},
    publisher={Cambridge University Press},
    author={Berge, Runar Lie and Klemetsdal, Øystein S. and Lie, Knut-Andreas},
    editor={Lie, Knut-Andreas and Møyner, Olav},
    year={2021},
    pages={3–45}
}

% UPR thesis
@report{UPR_thesis,
   author = {Runar Lie Berge},
   city = {Trondheim},
   institution = {NTNU},
   month = {6},
   title = {Unstructured PEBI-grids Adapting to Geological Features in Subsurface Reservoirs},
   url = {https://ntnuopen.ntnu.no/ntnu-xmlui/handle/11250/2411565},
   year = {2016},
}

% Original Delanunay
@article{delaunay_1943,
  title={Sur la sphère vide},
  author={Delaunay, Boris},
  journal={Bulletin de l'Académie des Sciences de l'URSS. Classe des sciences mathématiques et na},
  number={6},
  pages={793-800},
  year={1934}
}

% Original Voronoi
@article{VoronoiNouvellesAD,
  title={Nouvelles applications des param{\`e}tres continus {\`a} la th{\'e}orie des formes quadratiques. Deuxi{\`e}me m{\'e}moire. Recherches sur les parall{\'e}llo{\`e}dres primitifs.},
  author={Georges Voronoi},
  journal={Journal f{\"u}r die reine und angewandte Mathematik (Crelles Journal)},
  volume={1908},
  pages={198 - 287}
}